<?xml version="1.0" encoding="UTF-8"?><collection xmlns="http://www.loc.gov/MARC21/slim"><record><leader>00545nam--2200193-i-4500</leader><controlfield tag="001">000010903</controlfield><controlfield tag="002">20161230</controlfield><controlfield tag="005">20161230201029</controlfield><controlfield tag="008">060222s1000------------r-----000-0-eng-d</controlfield><datafield ind1=" " ind2=" " tag="040"><subfield code="a">IFIN-HH</subfield></datafield><datafield ind1=" " ind2=" " tag="080"><subfield code="a">539.141(042+047.1)</subfield></datafield><datafield ind1="1" ind2=" " tag="100"><subfield code="a">Brown, G. E</subfield></datafield><datafield ind1="1" ind2="0" tag="245"><subfield code="a">The nucleon-nucleon interaction</subfield><subfield code="b">Lectures given by</subfield><subfield code="c">G.e.brown, a.d. jackson</subfield></datafield><datafield ind1=" " ind2=" " tag="260"><subfield code="a">Copenhagen</subfield><subfield code="b">Nordita</subfield><subfield code="c">1971-1974</subfield></datafield><datafield ind1=" " ind2=" " tag="300"><subfield code="a">2 PARTS</subfield></datafield><datafield ind1="1" ind2=" " tag="700"><subfield code="a">Jackson, A.D</subfield></datafield><datafield ind1="1" ind2=" " tag="787"><subfield code="a">Part Ii</subfield><subfield code="d">1973-1974</subfield><subfield code="h">/151 P./387p</subfield></datafield><datafield ind1=" " ind2=" " tag="852"><subfield code="a">40011</subfield><subfield code="c">539.14</subfield></datafield><datafield ind1=" " ind2=" " tag="CAT"><subfield code="a">Sys</subfield><subfield code="c">20120329</subfield><subfield code="h">104334</subfield></datafield></record></collection>